@book{anderson6th,
    title     =   {\textbf{Fundamentals of Aerodynamics}},
    author    =   {J. D. Anderson},
    year      =   {2016},
    publisher =   {McGraw-Hill Education}
}

@article{dadosExp,
    title     = {\textbf{Report No. 824 --- Summary of Airfoil Data}},
    author    = {IRA H. ABBOTT and ALBERT E. VON DOENHOFF and LOUIS S. {STIVERS Jr}},
    year      = {1945},
    publisher = {National Advisory Committee for Aeronautics}
}
% para vários autores, colocar "and" entre cada um;
% para autores com Júnior no nome, colocar {SOBRENOME Jr} (nesse caso, o sobrenome precisa estar em maiúsculas)

@misc{nbr_5410,
    title     = {\textbf{NBR 5410 --- Normas de instalações elétricas}},
    author    = {ABNT},
    year      = {2004},
    note      = {Online; Acessado em: 03 jul. 2022},
    howpublished = {\url{https://www.normas.com.br/visualizar/abnt-nbr-nm/23327/abnt-nbr5410-instalacoes-eletricas-de-baixa-tensao}}
}
